@incollection{NIPS2015_5638,
title = {Faster R-CNN: Towards Real-Time Object Detection with Region Proposal Networks},
author = {Ren, Shaoqing and He, Kaiming and Girshick, Ross and Sun, Jian},
booktitle = {Advances in Neural Information Processing Systems 28},
editor = {C. Cortes and N. D. Lawrence and D. D. Lee and M. Sugiyama and R. Garnett},
pages = {91--99},
year = {2015},
publisher = {Curran Associates, Inc.},
url = {http://papers.nips.cc/paper/5638-faster-r-cnn-towards-real-time-object-detection-with-region-proposal-networks.pdf}
}

@article{DBLP:journals/corr/SnellSZ17,
  author    = {Jake Snell and
               Kevin Swersky and
               Richard S. Zemel},
  title     = {Prototypical Networks for Few-shot Learning},
  journal   = {CoRR},
  volume    = {abs/1703.05175},
  year      = {2017},
  url       = {http://arxiv.org/abs/1703.05175},
  archivePrefix = {arXiv},
  eprint    = {1703.05175},
  timestamp = {Mon, 13 Aug 2018 16:46:05 +0200},
  biburl    = {https://dblp.org/rec/bib/journals/corr/SnellSZ17},
  bibsource = {dblp computer science bibliography, https://dblp.org}
}

@InProceedings{parkhi12a,
  author       = "Parkhi, O. M. and Vedaldi, A. and Zisserman, A. and Jawahar, C.~V.",
  title        = "Cats and Dogs",
  booktitle    = "IEEE Conference on Computer Vision and Pattern Recognition",
  year         = "2012",
}

@article{DBLP:journals/corr/abs-1902-03477,
  author    = {Brenden M. Lake and
               Ruslan Salakhutdinov and
               Joshua B. Tenenbaum},
  title     = {The Omniglot Challenge: {A} 3-Year Progress Report},
  journal   = {CoRR},
  volume    = {abs/1902.03477},
  year      = {2019},
  url       = {http://arxiv.org/abs/1902.03477},
  archivePrefix = {arXiv},
  eprint    = {1902.03477},
  timestamp = {Sat, 02 Mar 2019 16:35:39 +0100},
  biburl    = {https://dblp.org/rec/bib/journals/corr/abs-1902-03477},
  bibsource = {dblp computer science bibliography, https://dblp.org}
}